[
    [
        "Cheese, Mozzarella, Wmlm, Feather Shred, Nb, 4/5 Lb - 124254",
        "North Beach",
        "$53.98",
        "$2.70/lb",
        "https://shop.kimelo.com/_next/image?url=https%3A%2F%2Fd3tlizm80tjdt4.cloudfront.net%2Fremote_images%2Fimage%2F2114%2Fsmall%2Fb41784f854f03efedc29d73d0a248d0dac389d704b7101205d.jpg&w=3840&q=50"
    ],
    [
        "Cheese, Mozzarella, Wmlm, Feather Shred, Nb, 4/5 Lb - 124254",
        "North Beach",
        "$53.98",
        "$2.70/lb",
        "https://shop.kimelo.com/_next/image?url=https%3A%2F%2Fd3tlizm80tjdt4.cloudfront.net%2Fremote_images%2Fimage%2F2114%2Fsmall%2Fb41784f854f03efedc29d73d0a248d0dac389d704b7101205d.jpg&w=3840&q=50"
    ],
    [
        "Cheese, American, 120 Slice, Yellow, (4) 5 Lb - 103674",
        "Schreiber",
        "$16.76",
        "$3.35/lb",
        "https://shop.kimelo.com/_next/image?url=https%3A%2F%2Fd3tlizm80tjdt4.cloudfront.net%2Fimage%2F15196%2Fimage%2Fsm-af4d520ed6ba1c0a2c2dbddaffd35ce4.png&w=3840&q=50"
    ],
    [
        "Cheese, Cheddar, Shredded, Fancy, Mild, (4) - 106832",
        "Cheswick",
        "$16.46",
        "$3.29/lb",
        "https://shop.kimelo.com/_next/image?url=https%3A%2F%2Fd3tlizm80tjdt4.cloudfront.net%2Fimage%2F15193%2Fimage%2Fsm-dba02abeba78ee707501f521a0557481.png&w=3840&q=50"
    ],
    [
        "Cheese, Cheddar, Mild, Sliced, (8) - 103600",
        "California Select Farms",
        "$6.89",
        "$4.59/lb",
        "https://shop.kimelo.com/_next/image?url=https%3A%2F%2Fd3tlizm80tjdt4.cloudfront.net%2Fimage%2F8965%2Fimage%2Fsm-137bd810e22f0b816f7a749f30bb60f4.jpeg&w=3840&q=50"
    ],
    [
        "Cheese, Parmesan, Grated, Imported, (4) 5 Lb - 111522",
        "Galbani",
        "$30.18",
        "$6.04/lb",
        "https://shop.kimelo.com/_next/image?url=https%3A%2F%2Fd3tlizm80tjdt4.cloudfront.net%2Fimage%2F10794%2Fimage%2Fsm-313ae66972cd7064da6bcf09c337ae5a.png&w=3840&q=50"
    ],
    [
        "Cheese, Parmesan, Shaved, (4) 5 Lb - 106816",
        "Galbani",
        "$26.44",
        "$5.29/lb",
        "https://shop.kimelo.com/_next/image?url=https%3A%2F%2Fd3tlizm80tjdt4.cloudfront.net%2Fimage%2F2865%2Fimage%2Fsm-7f83700059c075a212d5756e9c4e7073.jpg&w=3840&q=50"
    ],
    [
        "Cheese, Ricotta, (4) 5lb - 108718",
        "Galbani",
        "$16.89",
        "$3.38/lb",
        "https://shop.kimelo.com/_next/image?url=https%3A%2F%2Fd3tlizm80tjdt4.cloudfront.net%2Fimage%2F15218%2Fimage%2Fsm-466292604c156f994ceac17cbcf40f9e.png&w=3840&q=50"
    ],
    [
        "Cheese, Cream, Loaf, Philadelphia, (6) 3 Lb - 103663",
        "Philadelphia",
        "$16.13",
        "$5.38/lb",
        "https://shop.kimelo.com/_next/image?url=https%3A%2F%2Fd3tlizm80tjdt4.cloudfront.net%2Fimage%2F1544%2Fimage%2Fsm-b2bb50a2b1ae90153c2401ff9f0214df.jpg&w=3840&q=50"
    ],
    [
        "Cheese, Shredded, Jack & Cheddar Blend, Fancy, (4) 5 Lb - 103664",
        "Packer",
        "$14.71",
        "$2.94/lb",
        "https://shop.kimelo.com/_next/image?url=https%3A%2F%2Fd3tlizm80tjdt4.cloudfront.net%2Fremote_images%2Fimage%2F7672%2Fsmall%2F63a1d4191c5e3258376922c1599c780ef012ec6bf3828fa409.jpg&w=3840&q=50"
    ],
    [
        "Cheese, Jack Pepper, Sliced, (8) 1.5 Lb 124829",
        "Cal Premium",
        "$6.72",
        "$4.48/lb",
        "https://shop.kimelo.com/_next/image?url=https%3A%2F%2Fd3tlizm80tjdt4.cloudfront.net%2Fremote_images%2Fimage%2F5723%2Fsmall%2F63b0ef7755de74914c5a50da256581d0721f73912ee4923b21.jpg&w=3840&q=50"
    ],
    [
        "Cheese, Paneer, Gopi, 4/5 Lb",
        "Gopi",
        "$75.10",
        "$3.76/Lb",
        "https://shop.kimelo.com/_next/image?url=https%3A%2F%2Fd3tlizm80tjdt4.cloudfront.net%2Fremote_images%2Fimage%2F10816%2Fsmall%2F2048920d241626bd3bad46e85780c82aa9ba11b23f92f26222.jpg&w=3840&q=50"
    ],
    [
        "Cheese, Cheddar, Mild, Loaf, (8) 5 Lb - 103670",
        "Cheswick",
        "$16.99",
        "$3.40/lb",
        "https://shop.kimelo.com/_next/image?url=https%3A%2F%2Fd3tlizm80tjdt4.cloudfront.net%2Fimage%2F11595%2Fimage%2Fsm-a149c106d663df481f081d8fa47bcf0f.jpeg&w=3840&q=50"
    ],
    [
        "Cheese, Feta, Crumbles, President, 2/5 Lb - 123341",
        "President",
        "$44.11",
        "$4.41/lb",
        "https://shop.kimelo.com/_next/image?url=https%3A%2F%2Fd3tlizm80tjdt4.cloudfront.net%2Fimage%2F17447%2Fimage%2Fsm-b7f1d5ebed658c7a48b315af49bb5e0d.png&w=3840&q=50"
    ],
    [
        "Cheese, Gorgonzola, Crumbles, 86464, (2) 5 Lb - 107598",
        "Belgioioso",
        "$24.53",
        "$4.91/lb",
        "https://shop.kimelo.com/_next/image?url=https%3A%2F%2Fd3tlizm80tjdt4.cloudfront.net%2Fimage%2F5982%2Fimage%2Fsm-9aa3ae766c94f5a2fcc8f244a97460de.jpg&w=3840&q=50"
    ],
    [
        "Cheese, Mascarpone, Tub, Belgioioso, (4) 5 Lb - 107599",
        "Belgioioso",
        "$29.72",
        "$5.94/lb",
        "https://shop.kimelo.com/_next/image?url=https%3A%2F%2Fd3tlizm80tjdt4.cloudfront.net%2Fimage%2F17540%2Fimage%2Fsm-c373691cb060f68e4cc8b4904a692eda.png&w=3840&q=50"
    ],
    [
        "Cheese, Mozzarella, Wmlm, Loaf, Professionale, 8/5 Lb 125731",
        "Galbani",
        "$98.20",
        "$2.46/lb",
        "https://shop.kimelo.com/_next/image?url=https%3A%2F%2Fd3tlizm80tjdt4.cloudfront.net%2Fremote_images%2Fimage%2F7215%2Fsmall%2F0a7da17fd94fe5c52868137e402c2fb20947dba2f4b452a049.jpg&w=3840&q=50"
    ],
    [
        "Cheese, Indian Paneer Bulk Fresh Loaf (4) 109240",
        "Royal Mahout",
        "$20.58",
        "$4.12/lb",
        "https://shop.kimelo.com/_next/image?url=https%3A%2F%2Fd3tlizm80tjdt4.cloudfront.net%2Fimage%2F14820%2Fimage%2Fsm-d0fbe266cac5dbbfe601de287ad60344.png&w=3840&q=50"
    ],
    [
        "Cheese, Provolone, Sliced, (8) 1.5 Lb - 103601",
        "California Select Farms",
        "$6.58",
        "$4.39/lb",
        "https://shop.kimelo.com/_next/image?url=https%3A%2F%2Fd3tlizm80tjdt4.cloudfront.net%2Fimage%2F8966%2Fimage%2Fsm-0ad8abe6c7be4ec1371aa99b8a1fe80d.jpeg&w=3840&q=50"
    ],
    [
        "Cheese, Mozzarella, Fresh, Loaf, Sliced, 6/1 Lb - 123535",
        "Galbani",
        "$38.68",
        "$6.45/lb",
        "https://shop.kimelo.com/_next/image?url=https%3A%2F%2Fd3tlizm80tjdt4.cloudfront.net%2Fremote_images%2Fimage%2F1088%2Fsmall%2Fe9d4570a644a2ae0665f696c669bff43b9d6ccd681d0ebc349.jpg&w=3840&q=50"
    ],
    [
        "Cheese, Feta, Rbst Free, Estia, 24 Lb 124006",
        "Estia",
        "$110.02",
        "$4.58/lb",
        "https://shop.kimelo.com/_next/image?url=https%3A%2F%2Fd3tlizm80tjdt4.cloudfront.net%2Fremote_images%2Fimage%2F2271%2Fsmall%2F7de5ff58f2fa420e59ed1a97ee95b035b5f2ecaaba98eada2b.jpg&w=3840&q=50"
    ],
    [
        "Cheese, Monterey Jack, Shredded, Fancy, (4) 5 Lb - 108930",
        "Cheswick",
        "$16.26",
        "$3.25/lb",
        "https://shop.kimelo.com/_next/image?url=https%3A%2F%2Fd3tlizm80tjdt4.cloudfront.net%2Fimage%2F7273%2Fimage%2Fsm-77f3fe57315491b5b760f3c783c2ce89.jpg&w=3840&q=50"
    ],
    [
        "Cheese, Monterey Jack, Shredded, Feather, 4/5 Lb 125786",
        "Packer",
        "$53.01",
        "$2.65/lb",
        "https://shop.kimelo.com/_next/image?url=https%3A%2F%2Fd3tlizm80tjdt4.cloudfront.net%2Fremote_images%2Fimage%2F7236%2Fsmall%2Fe06462a3ca2ee281ec7fdc39e2aecc73c78ebcb6f4d822cc2b.jpg&w=3840&q=50"
    ],
    [
        "Cheese, Swiss, Sliced, (8) 1.5 Lb - 103602",
        "California Select Farms",
        "$8.12",
        "$5.41/lb",
        "https://shop.kimelo.com/_next/image?url=https%3A%2F%2Fd3tlizm80tjdt4.cloudfront.net%2Fimage%2F8967%2Fimage%2Fsm-e52f47ae6c00dd8381ee99b9ffda17dd.jpeg&w=3840&q=50"
    ],
    [
        "Cheese, Goat, Chefs, Chevre, Tub, (2) 4 Lb - 103638",
        "Laura Chenel",
        "$37.66",
        "$9.42/lb",
        "https://shop.kimelo.com/_next/image?url=https%3A%2F%2Fd3tlizm80tjdt4.cloudfront.net%2Fremote_images%2Fimage%2F7584%2Fsmall%2Fb039cbd43e667de1a64536054485d5b35e81ec59d3181edf0f.jpg&w=3840&q=50"
    ],
    [
        "Cheese, Goat, Crumbled, 2/2 Lb - 123365",
        "President",
        "$33.40",
        "$8.35/lb",
        "https://shop.kimelo.com/_next/image?url=https%3A%2F%2Fd3tlizm80tjdt4.cloudfront.net%2Fremote_images%2Fimage%2F1031%2Fsmall%2F1eadcc43f580efc477560afb62f337d4bfeb222e8f63032220.jpg&w=3840&q=50"
    ],
    [
        "Cheese, Goat, Crumbled, 2/2 Lb - 123365",
        "President",
        "$33.40",
        "$8.35/lb",
        "https://shop.kimelo.com/_next/image?url=https%3A%2F%2Fd3tlizm80tjdt4.cloudfront.net%2Fremote_images%2Fimage%2F1031%2Fsmall%2F1eadcc43f580efc477560afb62f337d4bfeb222e8f63032220.jpg&w=3840&q=50"
    ],
    [
        "Cheese, Cream, Bulk, 30 Lb - 103662",
        "Packer",
        "$70.05",
        "$2.34/lb",
        "https://shop.kimelo.com/_next/image?url=https%3A%2F%2Fd3tlizm80tjdt4.cloudfront.net%2Fremote_images%2Fimage%2F7674%2Fsmall%2Fd6f2f5e1dcdf0874f7bfedc969aead3f8aa0af8033196b2d75.jpg&w=3840&q=50"
    ],
    [
        "Cheese, Paneer, Gopi, 15/14 Oz 124005",
        "Gopi",
        "$94.00",
        "$7.23/lb",
        "https://shop.kimelo.com/_next/image?url=https%3A%2F%2Fd3tlizm80tjdt4.cloudfront.net%2Fremote_images%2Fimage%2F1912%2Fsmall%2Ff31c646bfa3f07281c27762b126aee2f792632f3d44342335b.jpg&w=3840&q=50"
    ],
    [
        "Cheese, Swiss, Loaf, Grade A, 8 Lb Avg (6)",
        "Pacific Cheese",
        "$33.60",
        "$33.60/Lb",
        "https://shop.kimelo.com/_next/image?url=https%3A%2F%2Fd3tlizm80tjdt4.cloudfront.net%2Fremote_images%2Fimage%2F8356%2Fsmall%2Faff0b27efbbacc48d63e4ae9d5ec402d6b6afe2ad94847dca5.jpg&w=3840&q=50"
    ],
    [
        "Cheese, Pepper Jack, Loaf (8) 103672",
        "Cheswick",
        "$17.47",
        "$3.49/lb",
        "https://shop.kimelo.com/_next/image?url=https%3A%2F%2Fd3tlizm80tjdt4.cloudfront.net%2Fimage%2F15256%2Fimage%2Fsm-6c299387672a8119d43997e98fcbcfc1.png&w=3840&q=50"
    ],
    [
        "Cheese, Shredded, Jack & Cheddar Blend, Feather, 4/5 Lb 125787",
        "Packer",
        "$55.56",
        "$2.78/lb",
        "https://shop.kimelo.com/_next/image?url=https%3A%2F%2Fd3tlizm80tjdt4.cloudfront.net%2Fremote_images%2Fimage%2F7242%2Fsmall%2F45efa6a9c307f7f9d844c75f7ef87eab93a985461d20a81030.jpg&w=3840&q=50"
    ],
    [
        "Cheese, Queso Fresco, Casero, Bulk 12 Lbs - 112596",
        "El Mexicano",
        "$49.39",
        "$4.12/lb",
        "https://shop.kimelo.com/_next/image?url=https%3A%2F%2Fd3tlizm80tjdt4.cloudfront.net%2Fimage%2F13392%2Fimage%2Fsm-a1beb72594462199dfe813034c8f0f08.png&w=3840&q=50"
    ],
    [
        "Cheese, Cheddar, Sharp, White, 10 Lb - 111680",
        "Hoffman`s",
        "$41.88",
        "$4.19/lb",
        "https://shop.kimelo.com/_next/image?url=https%3A%2F%2Fd3tlizm80tjdt4.cloudfront.net%2Fimage%2F16001%2Fimage%2Fsm-d62189f66ce8c51c9bbbd406104ca89e.png&w=3840&q=50"
    ],
    [
        "Cheese, Feta, Bulgarian, In Brine, 1/7 Kg - 106845",
        "Atalanta",
        "$72.00",
        "$4.80/lb",
        "https://shop.kimelo.com/_next/image?url=https%3A%2F%2Fd3tlizm80tjdt4.cloudfront.net%2Fimage%2F6242%2Fimage%2Fsm-9063431364cbcf7278cdde3f4d5f47fb.jpg&w=3840&q=50"
    ],
    [
        "Cheese, Mozzarella, Wmlm, Shredded, Red Label, 6/5 Lb 124189",
        "Galbani",
        "$95.83",
        "$3.19/lb",
        "https://shop.kimelo.com/_next/image?url=https%3A%2F%2Fd3tlizm80tjdt4.cloudfront.net%2Fremote_images%2Fimage%2F2018%2Fsmall%2Fe6aa96eb9c4f11476e530c078ea7e9331b62c1f1b0bd80fbcd.jpg&w=3840&q=50"
    ],
    [
        "Cheese, Mozzarella, Lmwm, Cali Gold, Loaf, 8/6 Lb 125724",
        "California Gold",
        "$104.08",
        "$2.17/lb",
        "https://shop.kimelo.com/_next/image?url=https%3A%2F%2Fd3tlizm80tjdt4.cloudfront.net%2Fremote_images%2Fimage%2F7214%2Fsmall%2Fe9ab65ec35fd13418c56e43a697f0cd6f2464279cf92c5e10b.jpg&w=3840&q=50"
    ],
    [
        "Cheese, Cream Cheese, Philadelphia, Portions, Cups - 111589",
        "Kraft",
        "$51.49",
        "$0.51/ct",
        "https://shop.kimelo.com/_next/image?url=https%3A%2F%2Fd3tlizm80tjdt4.cloudfront.net%2Fremote_images%2Fimage%2F9657%2Fsmall%2F5ab654f51d8f2e0ef8a931a3ab768ea564c152a1904483a59b.jpg&w=3840&q=50"
    ],
    [
        "Cheese, Feta, Sheep/goat, Imported, Ziria, 14 Kg 124111",
        "Ziria",
        "$166.17",
        "$5.36/lb",
        "https://shop.kimelo.com/_next/image?url=https%3A%2F%2Fd3tlizm80tjdt4.cloudfront.net%2Fremote_images%2Fimage%2F2224%2Fsmall%2F7cb4d700b40ef33831a2d0c139d2be7237896927905a07bab6.jpg&w=3840&q=50"
    ],
    [
        "Cheese, Processed, American, Yellow, Slices, 160 Ct, 4/5 Lb 125636",
        "Schreiber",
        "$72.32",
        "",
        "https://shop.kimelo.com/_next/image?url=https%3A%2F%2Fd3tlizm80tjdt4.cloudfront.net%2Fremote_images%2Fimage%2F5355%2Fsmall%2F813a16121b3359e9889266333999b54523e3768c6a5fb0829b.jpg&w=3840&q=50"
    ],
    [
        "Cheese, Swiss, Sliced, Processed, 120 Ct, (4) 5 Lb - 100014",
        "Commodity Cheese",
        "$19.47",
        "$3.89/lb",
        "https://shop.kimelo.com/_next/image?url=https%3A%2F%2Fd3tlizm80tjdt4.cloudfront.net%2Fimage%2F1474%2Fimage%2Fsm-f655d358744b5afb25fbb0300dcbd7e9.jpg&w=3840&q=50"
    ],
    [
        "Cheese, Mozzarella, Pslm, Cali Gold, Loaf, 8/6 Lb 125986",
        "California Gold",
        "$100.16",
        "$2.09/lb",
        "https://shop.kimelo.com/_next/image?url=https%3A%2F%2Fd3tlizm80tjdt4.cloudfront.net%2Fremote_images%2Fimage%2F7730%2Fsmall%2F66c3c8d496d6f67e6986f5b051fc2aa6406223c1602f88978c.jpg&w=3840&q=50"
    ],
    [
        "Cheese, Parmesan, Wheel, Usa, 20 Lb Avg - 112306",
        "Galbani",
        "$111.67",
        "$5.58/lb",
        "https://shop.kimelo.com/_next/image?url=https%3A%2F%2Fd3tlizm80tjdt4.cloudfront.net%2Fimage%2F12274%2Fimage%2Fsm-64a4aa1bc8ce6d4a0e316c4b84cca0b9.png&w=3840&q=50"
    ],
    [
        "Cheese, Halloumi, Tradition, Greek, Import, 40/8.8 Oz 124144",
        "Alambra",
        "$197.35",
        "$8.97/lb",
        "https://shop.kimelo.com/_next/image?url=https%3A%2F%2Fd3tlizm80tjdt4.cloudfront.net%2Fremote_images%2Fimage%2F1998%2Fsmall%2F92cb453b056d15b02a89fefb67e39797fc58b0a4398a29b53f.jpg&w=3840&q=50"
    ],
    [
        "Cheese, Feta, In Brine, Pail, (2) 8 Lb 124284",
        "Cucina",
        "$29.44",
        "$3.68/lb",
        "https://shop.kimelo.com/_next/image?url=https%3A%2F%2Fd3tlizm80tjdt4.cloudfront.net%2Fremote_images%2Fimage%2F7673%2Fsmall%2F0b979f0fa945c83473934cf317ee8339e16a68ae1af19108f3.jpg&w=3840&q=50"
    ],
    [
        "Cheese, Cheddar, Sharp, Slcd, Interleaf, 0.75 Oz, (8)  103603",
        "California Select Farms",
        "$9.56",
        "$6.37/lb",
        "https://shop.kimelo.com/_next/image?url=https%3A%2F%2Fd3tlizm80tjdt4.cloudfront.net%2Fimage%2F10347%2Fimage%2Fsm-e678c1718263a65a402310e22e32ac8a.jpg&w=3840&q=50"
    ],
    [
        "Cheese, Monterey Jack, Sliced, (8) 1.5 Lb - 103599",
        "Cheese Crafters",
        "$5.97",
        "$3.98/lb",
        "https://shop.kimelo.com/_next/image?url=https%3A%2F%2Fd3tlizm80tjdt4.cloudfront.net%2Fimage%2F9201%2Fimage%2Fsm-4b09eacd768b0bf3bc71bca949fe2915.jpg&w=3840&q=50"
    ],
    [
        "Cheese, Monterey Jack, Loaf, (2) 5 Lb - 107600",
        "Packer",
        "$18.45",
        "$3.69/lb",
        "https://shop.kimelo.com/_next/image?url=https%3A%2F%2Fd3tlizm80tjdt4.cloudfront.net%2Fimage%2F5981%2Fimage%2Fsm-8006f8100c50aee751d5e74b228445bf.jpg&w=3840&q=50"
    ],
    [
        "Cheese, Gruyere, Imported, Loaf, (2) 5 Lb - 108978",
        "Packer",
        "$67.30",
        "$13.46/lb",
        "https://shop.kimelo.com/_next/image?url=https%3A%2F%2Fd3tlizm80tjdt4.cloudfront.net%2Fimage%2F7423%2Fimage%2Fsm-05cc51bafdb84958b8c527b8a3a8fecb.jpg&w=3840&q=50"
    ],
    [
        "Cheese, Saganaki, Hard, Greek, Import, 7 Lb Avg (6) 125801",
        "Metsobo A.e.",
        "$68.53",
        "$68.53/Lb",
        "https://shop.kimelo.com/_next/image?url=https%3A%2F%2Fd3tlizm80tjdt4.cloudfront.net%2Fremote_images%2Fimage%2F8993%2Fsmall%2Fe5e6885ff13c2fe97bc05df189a3c03c0339d2260d615749a9.jpg&w=3840&q=50"
    ],
    [
        "Cheese, Blend, Mozz, Wm & Ps, Premio Shred, 6/5 Lb - 112492",
        "Galbani Premio",
        "$101.51",
        "$3.38/lb",
        "https://shop.kimelo.com/_next/image?url=https%3A%2F%2Fd3tlizm80tjdt4.cloudfront.net%2Fimage%2F13860%2Fimage%2Fsm-1505a5e7aa7570e69e7ca77cf4c49a97.png&w=3840&q=50"
    ],
    [
        "Cheese, Blend, Mozz, Wm & Ps, Premio Shred, 6/5 Lb - 112492",
        "Galbani Premio",
        "$101.51",
        "$3.38/lb",
        "https://shop.kimelo.com/_next/image?url=https%3A%2F%2Fd3tlizm80tjdt4.cloudfront.net%2Fimage%2F13860%2Fimage%2Fsm-1505a5e7aa7570e69e7ca77cf4c49a97.png&w=3840&q=50"
    ],
    [
        "Cheese, Cream, Loaf, 10/3 Lb - 112699",
        "Raskas",
        "$85.56",
        "$2.85/lb",
        "https://shop.kimelo.com/_next/image?url=https%3A%2F%2Fd3tlizm80tjdt4.cloudfront.net%2Fimage%2F13945%2Fimage%2Fsm-beec542c40fb4977939baab11abd9a9c.png&w=3840&q=50"
    ],
    [
        "Cheese, Kefalotyri, Hard, Wheel, Greek, Import, 18 Lb Avg 124125",
        "Metsobo A.e.",
        "$156.06",
        "$8.67/lb",
        "https://shop.kimelo.com/_next/image?url=https%3A%2F%2Fd3tlizm80tjdt4.cloudfront.net%2Fremote_images%2Fimage%2F2228%2Fsmall%2Ff9ce4763fea7376f93257d4fc25b186ab2c423231574348ceb.jpg&w=3840&q=50"
    ],
    [
        "Cheese, Asiago, Shredded, (6) 5 Lb - 111711",
        "Galbani",
        "$26.06",
        "$5.21/lb",
        "https://shop.kimelo.com/_next/image?url=https%3A%2F%2Fd3tlizm80tjdt4.cloudfront.net%2Fimage%2F11540%2Fimage%2Fsm-dc389e1a3b99419ba379e3fb3916db94.png&w=3840&q=50"
    ],
    [
        "Cheese, Monterey Jack, Block, 40 Lb Avg - 103562",
        "Packer",
        "$112.00",
        "$2.80/lb",
        "https://shop.kimelo.com/_next/image?url=https%3A%2F%2Fd3tlizm80tjdt4.cloudfront.net%2Fimage%2F11519%2Fimage%2Fsm-6f1eb10583921d3db8a9df08b378c1bd.jpeg&w=3840&q=50"
    ],
    [
        "Cheese, Cheddar, Medium, Loaf, (2) 5lb - 106815",
        "Tillamook",
        "$30.08",
        "$6.02/lb",
        "https://shop.kimelo.com/_next/image?url=https%3A%2F%2Fd3tlizm80tjdt4.cloudfront.net%2Fimage%2F2254%2Fimage%2Fsm-cd0c941b11ba4b342c17c421fe3e4d95.jpeg&w=3840&q=50"
    ],
    [
        "Cheese, Cream, Bulk, Frozen, 30 Lb",
        "Packer",
        "$44.92",
        "$1.50/Lb",
        "https://shop.kimelo.com/_next/image?url=https%3A%2F%2Fd3tlizm80tjdt4.cloudfront.net%2Fremote_images%2Fimage%2F9503%2Fsmall%2Fc20e0679de38f6e24091a6d1a19b28f6ec8d244a5fb5adbe48.jpg&w=3840&q=50"
    ],
    [
        "Cheese, Mozzarella, Fresh, Loaf, Thin Slice, 6/1 Lb - 112545",
        "Galbani",
        "$34.55",
        "$5.76/lb",
        "https://shop.kimelo.com/_next/image?url=https%3A%2F%2Fd3tlizm80tjdt4.cloudfront.net%2Fimage%2F13746%2Fimage%2Fsm-6e810ecb0cadc532f8c04cabb747fdf2.png&w=3840&q=50"
    ],
    [
        "Cheese, Feta, French, Pail, Valbreso, 18 Lb Avg - 123797",
        "Valbreso",
        "$125.10",
        "$6.95/lb",
        "https://shop.kimelo.com/_next/image?url=https%3A%2F%2Fd3tlizm80tjdt4.cloudfront.net%2Fimage%2F17988%2Fimage%2Fsm-82414835d395197c5f8390f295a0f0fe.jpg&w=3840&q=50"
    ],
    [
        "Cheese, Feta, Greek, Sheep, 1/12 Kg 124849",
        "Kolios",
        "$162.00",
        "",
        "https://shop.kimelo.com/_next/image?url=https%3A%2F%2Fd3tlizm80tjdt4.cloudfront.net%2Fremote_images%2Fimage%2F13368%2Fsmall%2F1407ffca973704e384634cd27285dbec2bccd8ea94f56171e1.jpg&w=3840&q=50"
    ],
    [
        "Cheese, Cream Cheese, Whipped Tub, Philadelphia (6) 377753 - Sku 172026",
        "Kraft",
        "$21.68",
        "$7.23/Lb",
        "https://shop.kimelo.com/_next/image?url=https%3A%2F%2Fd3tlizm80tjdt4.cloudfront.net%2Fremote_images%2Fimage%2F14101%2Fsmall%2F59becfe7880750956b1c39a81e7f2bfef3437a4b464a2f5a69.jpg&w=3840&q=50"
    ],
    [
        "Cheese, 5 Blend, Moz Wmlm/lmps/prov/parm/roma, 6/5 Lb - 123784",
        "Galbani",
        "$96.18",
        "$3.21/lb",
        "https://shop.kimelo.com/_next/image?url=https%3A%2F%2Fd3tlizm80tjdt4.cloudfront.net%2Fremote_images%2Fimage%2F7464%2Fsmall%2F4c120c44089fd73a9dc6802b21106ba43711bda636e75afc96.jpg&w=3840&q=50"
    ],
    [
        "Cheese, Mozzarella, Lmps, Loaf, Premio, 8/5 Lb",
        "Galbani Premio",
        "$102.95",
        "$12.87/loaf",
        "https://shop.kimelo.com/_next/image?url=https%3A%2F%2Fd3tlizm80tjdt4.cloudfront.net%2Fremote_images%2Fimage%2F8358%2Fsmall%2Fb2822f77cb40a483ec292d837dbfcea6b8be7f2e39cc90e6ca.jpg&w=3840&q=50"
    ],
    [
        "Cheese, Mozzarella, Wmlm, Loaf, Premio, 8/5 Lb",
        "Galbani Premio",
        "$108.52",
        "$10.85/loaf",
        "https://shop.kimelo.com/_next/image?url=https%3A%2F%2Fd3tlizm80tjdt4.cloudfront.net%2Fremote_images%2Fimage%2F8390%2Fsmall%2F53b845e1fb7106fdd945620096b458f0828fadee1fe5d5d0e8.jpg&w=3840&q=50"
    ],
    [
        "Cheese, Pepperjack, Feather Shred, 4/5 Lb - 123794",
        "Cheswick",
        "$65.72",
        "$3.29/lb",
        "https://shop.kimelo.com/_next/image?url=https%3A%2F%2Fd3tlizm80tjdt4.cloudfront.net%2Fimage%2F17990%2Fimage%2Fsm-83f15352ef57aee10ecf9f5eacd4c835.png&w=3840&q=50"
    ],
    [
        "Cheese, Mozzarella, Frozen, Ovoline, Galbani, 2/3 Lb",
        "Galbani",
        "$14.64",
        "$2.44/Lb",
        "https://shop.kimelo.com/_next/image?url=https%3A%2F%2Fd3tlizm80tjdt4.cloudfront.net%2Fremote_images%2Fimage%2F10806%2Fsmall%2F080a48a561d13a90309f06536874d86ca67cf124dc3961482d.jpg&w=3840&q=50"
    ],
    [
        "Cheese, Muenster, Loaf (6) 5 Lbs,sku 172091",
        "Packer",
        "$32.90",
        "$32.90/Lb",
        "https://shop.kimelo.com/_next/image?url=https%3A%2F%2Fd3tlizm80tjdt4.cloudfront.net%2Fremote_images%2Fimage%2F14165%2Fsmall%2F0158d18ec81507169591cc645a9fff7c6f09c04889186230a6.jpg&w=3840&q=50"
    ],
    [
        "Cheese, Pecorino, Romano, 14 Lb 124109",
        "Zerto",
        "$71.25",
        "$5.09/lb",
        "https://shop.kimelo.com/_next/image?url=https%3A%2F%2Fd3tlizm80tjdt4.cloudfront.net%2Fremote_images%2Fimage%2F7585%2Fsmall%2F6fdb15f3fb9a8218f44f4394daed962b794d29364f31ec757a.jpg&w=3840&q=50"
    ],
    [
        "Cheese, Cheddar, Sharp White, 100/0.75 Oz Oz Tillamook 613897, Sku 172111",
        "Tillamook",
        "$49.80",
        "$0.50/ct",
        "https://shop.kimelo.com/_next/image?url=https%3A%2F%2Fd3tlizm80tjdt4.cloudfront.net%2Fremote_images%2Fimage%2F14324%2Fsmall%2F5211137065f5e986902c6a62fa4eb3f764ed76d03efbf7a3b2.jpg&w=3840&q=50"
    ],
    [
        "Cheese, Mini, Babybel (red Wrap) 72/0.75 Oz, Sku 172119",
        "Laughing Cow",
        "$51.29",
        "$0.71/ct",
        "https://shop.kimelo.com/_next/image?url=https%3A%2F%2Fd3tlizm80tjdt4.cloudfront.net%2Fremote_images%2Fimage%2F15042%2Fsmall%2F4752a482739aa892814722431a3b0e1a4930af59437ce4920d.jpg&w=3840&q=50"
    ],
    [
        "Cottage Cheese, Classic, Organic 12/5 Oz, 84778, Sku 172052",
        "Good Culture",
        "$39.93",
        "$3.33/ct",
        "https://shop.kimelo.com/_next/image?url=https%3A%2F%2Fd3tlizm80tjdt4.cloudfront.net%2Fremote_images%2Fimage%2F14127%2Fsmall%2F8d497ba0b199b319f4f58febfebec4619b58c4763daff721fd.jpg&w=3840&q=50"
    ],
    [
        "Cheese, Stringles String Mozzarella, Organic 24/1 Oz Ct , 10278 - Sku 172034",
        "Organic Valley",
        "$20.65",
        "$0.86/ct",
        "https://shop.kimelo.com/_next/image?url=https%3A%2F%2Fd3tlizm80tjdt4.cloudfront.net%2Fremote_images%2Fimage%2F14108%2Fsmall%2Fd36c33635977c041d652f1f7a3af8c01abffa2f2456ec7c315.jpg&w=3840&q=50"
    ],
    [
        "Cheese, Parmesan, Shredded, (6) 5 Lb - 124603",
        "Galbani",
        "",
        "",
        "https://shop.kimelo.com/_next/image?url=https%3A%2F%2Fd3tlizm80tjdt4.cloudfront.net%2Fremote_images%2Fimage%2F2650%2Fsmall%2F8ccc10b43c0da13a2feaa26d6af00080d864418c35ce1b4439.jpg&w=3840&q=50"
    ],
    [
        "Cheese, Provolone, No Smoke, Professionale, (8) 5 Lb - 123792",
        "Galbani",
        "",
        "",
        "https://shop.kimelo.com/_next/image?url=https%3A%2F%2Fd3tlizm80tjdt4.cloudfront.net%2Fimage%2F17989%2Fimage%2Fsm-9e1c062d6e753907a3748fcfa2471be0.jpg&w=3840&q=50"
    ],
    [
        "Cheese, Mozzarella, Wmlm, Premio, Tigrato Shred, 6/5lb 125732",
        "Galbani Premio",
        "$139.32",
        "$6.97/lb",
        "https://shop.kimelo.com/_next/image?url=https%3A%2F%2Fd3tlizm80tjdt4.cloudfront.net%2Fremote_images%2Fimage%2F7219%2Fsmall%2F6c77b279a5ed42add9439bbdfc694637d60aaae4f2f0ec56d7.jpg&w=3840&q=50"
    ],
    [
        "Cheese, Mozzarella, Wmlm, Premio, Tigrato Shred, 6/5lb 125732",
        "Galbani Premio",
        "",
        "",
        "https://shop.kimelo.com/_next/image?url=https%3A%2F%2Fd3tlizm80tjdt4.cloudfront.net%2Fremote_images%2Fimage%2F7219%2Fsmall%2F6c77b279a5ed42add9439bbdfc694637d60aaae4f2f0ec56d7.jpg&w=3840&q=50"
    ],
    [
        "Cheese, Mozzarella, Fresh, Ovoline, Galbani, 2/3 Lb - 123382",
        "Galbani",
        "",
        "",
        "https://shop.kimelo.com/_next/image?url=https%3A%2F%2Fd3tlizm80tjdt4.cloudfront.net%2Fremote_images%2Fimage%2F1050%2Fsmall%2F4d39f5a7140280525c6242eaa3c6a455f2fea2640ccdf683fe.jpg&w=3840&q=50"
    ],
    [
        "Cheese, Brie, 60%, 2/2 Lb - 123527",
        "President",
        "",
        "",
        "https://shop.kimelo.com/_next/image?url=https%3A%2F%2Fd3tlizm80tjdt4.cloudfront.net%2Fremote_images%2Fimage%2F1073%2Fsmall%2Fb1d9e1f95c8820a32503eaeb15b2209c65268ad5e29a3f395c.jpg&w=3840&q=50"
    ],
    [
        "Cheese, Feta, In Brine, Pail, 28 Lb - 123928",
        "Cucina",
        "",
        "",
        "https://shop.kimelo.com/_next/image?url=https%3A%2F%2Fd3tlizm80tjdt4.cloudfront.net%2Fimage%2F18031%2Fimage%2Fsm-4300f3a70bfa2261c03c2ddc7f7fa85b.jpg&w=3840&q=50"
    ],
    [
        "Cheese, Mozzarella, Fresh, Ciliegine Ball, (2) 3 Lb 103593",
        "Galbani",
        "",
        "",
        "https://shop.kimelo.com/_next/image?url=https%3A%2F%2Fd3tlizm80tjdt4.cloudfront.net%2Fimage%2F2896%2Fimage%2Fsm-dd03d82250538609a7f34030a50e240b.jpg&w=3840&q=50"
    ],
    [
        "Cheese, Grilling, Domestic, Yanni, 12/8 Oz 124017",
        "Yanni",
        "",
        "",
        "https://shop.kimelo.com/_next/image?url=https%3A%2F%2Fd3tlizm80tjdt4.cloudfront.net%2Fremote_images%2Fimage%2F1898%2Fsmall%2Fd052d2826fa65f597dbb4441da172a9957dee2a899142d1940.jpg&w=3840&q=50"
    ],
    [
        "Cheese, Myzithra, Ball, Imported",
        "Stymfalia",
        "",
        "",
        "https://shop.kimelo.com/_next/image?url=https%3A%2F%2Fd3tlizm80tjdt4.cloudfront.net%2Fremote_images%2Fimage%2F2633%2Fsmall%2Fa61a9af8858203a8085b3cd5314e44f2375da6387dd3b0ab73.jpg&w=3840&q=50"
    ],
    [
        "Cheese, Manouri, Log, Greek, Imported, 4/5 Lb 125736",
        "Krinos",
        "$139.32",
        "$6.97/lb",
        "https://shop.kimelo.com/_next/image?url=https%3A%2F%2Fd3tlizm80tjdt4.cloudfront.net%2Fremote_images%2Fimage%2F7223%2Fsmall%2F10d8ce04c768520771ad150340f03f5d6e9d96b8f373592dd4.jpg&w=3840&q=50"
    ],
    [
        "Cheese, Queso Fresco, Casero, Frozen, Bulk 12 Lbs374274",
        "El Mexicano",
        "",
        "",
        "https://shop.kimelo.com/_next/image?url=https%3A%2F%2Fd3tlizm80tjdt4.cloudfront.net%2Fremote_images%2Fimage%2F8643%2Fsmall%2F66078553f3b39103164ffde635b3f3f92e35c6e0786f8709da.jpg&w=3840&q=50"
    ],
    [
        "Cheese, Kasseri, Waxed Wheel",
        "Stella",
        "",
        "",
        "https://shop.kimelo.com/_next/image?url=https%3A%2F%2Fd3tlizm80tjdt4.cloudfront.net%2Fremote_images%2Fimage%2F2037%2Fsmall%2F93701c5bb1e6a23ddfdd86fb5e4e8868e9496d4ff700d601e0.jpg&w=3840&q=50"
    ],
    [
        "Cheese, Smoked Cheddar, Mild, 2/5 Lb",
        "Gossner",
        "",
        "",
        "https://shop.kimelo.com/_next/image?url=https%3A%2F%2Fd3tlizm80tjdt4.cloudfront.net%2Fremote_images%2Fimage%2F13375%2Fsmall%2F2ee6dfdf5b22cc7c7a84d4a5acf73506e8fcb5effe8cea044c.jpg&w=3840&q=50"
    ],
    [
        "CHEESE, MOZZARELLA, SMOKED, 2/6 LB",
        "POLLY-O",
        "",
        "",
        "https://shop.kimelo.com/_next/image?url=https%3A%2F%2Fd3tlizm80tjdt4.cloudfront.net%2Fimage%2F2351%2Fimage%2Fsm-8f112e2ad6cf67b95091b3a5cffad334.png&w=3840&q=50"
    ],
    [
        "Cheese, Swiss, Block",
        "Ammerlander",
        "",
        "",
        "https://shop.kimelo.com/_next/image?url=https%3A%2F%2Fd3tlizm80tjdt4.cloudfront.net%2Fremote_images%2Fimage%2F7811%2Fsmall%2F6cc605766939ddd78229cbfac6a2103b6982de8f053c875d63.jpg&w=3840&q=50"
    ],
    [
        "Cheese, 5 Blend, Moz Wmlm/lmps/prov/parm/roma, Fzn, 6/5 Lb",
        "Galbani",
        "",
        "",
        "https://shop.kimelo.com/_next/image?url=https%3A%2F%2Fd3tlizm80tjdt4.cloudfront.net%2Fremote_images%2Fimage%2F8017%2Fsmall%2F5b67c48b8fb317538fe7a3777c8aa936e15d7ed4f7f4c2062d.jpg&w=3840&q=50"
    ],
    [
        "Cottage Cheese, Small Curd",
        "Clover Sonoma",
        "",
        "",
        "https://shop.kimelo.com/_next/image?url=https%3A%2F%2Fd3tlizm80tjdt4.cloudfront.net%2Fremote_images%2Fimage%2F8670%2Fsmall%2F14def803c1c34fe56ec8c8333ba02a43ed6690f593186e7f98.jpg&w=3840&q=50"
    ],
    [
        "Cheese, Mozzarella, Pslm, Loaf, Premio, Fzn, 8/5 Lb 125813",
        "Galbani Premio",
        "",
        "",
        "https://shop.kimelo.com/_next/image?url=https%3A%2F%2Fd3tlizm80tjdt4.cloudfront.net%2Fremote_images%2Fimage%2F7216%2Fsmall%2F71b5ddd3c64d4bbaa1fe5e7090917a824d29a331ea6e1ee5d4.jpg&w=3840&q=50"
    ],
    [
        "Cheese, Goat, Crumbled, Fzn, 2/2 Lb 125885",
        "President",
        "",
        "",
        "https://shop.kimelo.com/_next/image?url=https%3A%2F%2Fd3tlizm80tjdt4.cloudfront.net%2Fremote_images%2Fimage%2F7510%2Fsmall%2F677b2a41544b3dfe7f0897e9390fcccfad1cbaae841b2ceb87.jpg&w=3840&q=50"
    ],
    [
        "Cheese, Mozzarella, Wmlm, Premio, Tigrato Shred, Fzn, 6/5lb 125867",
        "Packer",
        "",
        "",
        "https://shop.kimelo.com/_next/image?url=https%3A%2F%2Fd3tlizm80tjdt4.cloudfront.net%2Fremote_images%2Fimage%2F7219%2Fsmall%2F6c77b279a5ed42add9439bbdfc694637d60aaae4f2f0ec56d7.jpg&w=3840&q=50"
    ],
    [
        "Cheese, Mozzarella, Wmlm, Shredded, Red Label, Fzn, 6/5 Lb 125663",
        "Galbani",
        "",
        "",
        "https://shop.kimelo.com/_next/image?url=https%3A%2F%2Fd3tlizm80tjdt4.cloudfront.net%2Fremote_images%2Fimage%2F5529%2Fsmall%2F042d7c08627c19fc643914fdd06ade7ade98df11a63c15f672.jpg&w=3840&q=50"
    ],
    [
        "Cheese, Provolone, No Smoke, Professionale, Fzn, (8) 5 Lb 125816",
        "Galbani",
        "",
        "",
        "https://shop.kimelo.com/_next/image?url=https%3A%2F%2Fd3tlizm80tjdt4.cloudfront.net%2Fremote_images%2Fimage%2F7413%2Fsmall%2Fe7ae16a6c8dcf1eef4a92b9f6335615d4fb06ed12485f45e86.jpg&w=3840&q=50"
    ],
    [
        "Cheese, Blend, Mozz, Wm & Ps, Premio Shred, Fzn, 6/5 Lb 125856",
        "Galbani Premio",
        "",
        "",
        "https://shop.kimelo.com/_next/image?url=https%3A%2F%2Fd3tlizm80tjdt4.cloudfront.net%2Fremote_images%2Fimage%2F7459%2Fsmall%2F8d2ee5b0efabab48d9ab265bcbc2e0e8f2e2d463f70a584707.jpg&w=3840&q=50"
    ],
    [
        "Cheese, Mozzarella, Wmlm, Loaf, Professionale, Fzn, 8/5 Lb 125814",
        "Galbani",
        "",
        "",
        "https://shop.kimelo.com/_next/image?url=https%3A%2F%2Fd3tlizm80tjdt4.cloudfront.net%2Fremote_images%2Fimage%2F7215%2Fsmall%2F0a7da17fd94fe5c52868137e402c2fb20947dba2f4b452a049.jpg&w=3840&q=50"
    ],
    [
        "Cheese, Brie, 60%, Frozen, 2/2 Lb 125998",
        "President",
        "",
        "",
        "https://shop.kimelo.com/_next/image?url=https%3A%2F%2Fd3tlizm80tjdt4.cloudfront.net%2Fremote_images%2Fimage%2F7738%2Fsmall%2F5b41b3664d4c670debf38cd6901d14461ebc988399e19127ae.jpg&w=3840&q=50"
    ],
    [
        "Cheese, Mozzarella, Loaf, Thin Slice, Fzn, 6/1 Lb 125686",
        "Galbani",
        "",
        "",
        "https://shop.kimelo.com/_next/image?url=https%3A%2F%2Fd3tlizm80tjdt4.cloudfront.net%2Fremote_images%2Fimage%2F5949%2Fsmall%2Fd23620a3a0f21afb9281850456bf3598285654e87ef638e32e.jpg&w=3840&q=50"
    ],
    [
        "Cheese, Mozzarella, Wmlm, Cali Gold, Loaf, Fzn, 8/6 Lb 112065",
        "California Gold",
        "",
        "",
        "https://shop.kimelo.com/_next/image?url=https%3A%2F%2Fd3tlizm80tjdt4.cloudfront.net%2Fremote_images%2Fimage%2F7214%2Fsmall%2Fe9ab65ec35fd13418c56e43a697f0cd6f2464279cf92c5e10b.jpg&w=3840&q=50"
    ],
    [
        "Cheese, Mozzarella, Wmlm, Cali Gold, Loaf, Fzn, 8/6 Lb 112065",
        "California Gold",
        "",
        "",
        "https://shop.kimelo.com/_next/image?url=https%3A%2F%2Fd3tlizm80tjdt4.cloudfront.net%2Fremote_images%2Fimage%2F7214%2Fsmall%2Fe9ab65ec35fd13418c56e43a697f0cd6f2464279cf92c5e10b.jpg&w=3840&q=50"
    ],
    [
        "Cheese, Mozzarella, Pslm, Cali Gold, Loaf, Fzn, 8/6 Lb 112075",
        "California Gold",
        "",
        "",
        "https://shop.kimelo.com/_next/image?url=https%3A%2F%2Fd3tlizm80tjdt4.cloudfront.net%2Fimage%2F13863%2Fimage%2Fsm-3e26ef88c6dc801ad4d041ef812a9c7d.png&w=3840&q=50"
    ]
]